@article{1,
  title={Social purpose corporations: The next targets for greenwashing practices and crowdfunding scams},
  author={Ho, Tina H},
  journal={Seattle J. Soc. Just.},
  volume={13},
  pages={935},
  year={2014},
  publisher={HeinOnline}
}